@MANUAL{fx230:2016,
  organization  = "Future Technology Devices International Ltd",
  title         = "FT230X USB to Basic UART IC",
  howpublished	= "FT230X Datasheet",
  version	= "1.4",
  date		= "24 May",
  year		= 2016,
}
@MANUAL{stm32_ADC:2017,
	organization  = "ST Electronics",
	title         = "How to get the best ADC accuracy in the STM32 microcontrollers",
	howpublished	= "AN2834 Application note",
	version	= "Rev 3",
	date		= February,
	year		= 2017,
}

@manual{motorIC,
	title        = {5.0 A H-Bridge woth Load Current Feeback},
	author       = {}, 
	organization = {Freescale Semiconductor},
	address      = {},
	edition      = 12,
	month        = 2,
	year         = 2007,
	note         = {Document Number: MC33887}
}


@online{tedrake,
	author = "Russ Tedrake",
	title = "Underactuated Robotics: Algorithms for Walking, Running, Swimming, Flying, and Manipulation (Course Notes for MIT 6.832)",
	url  = "http://underactuated.mit.edu/",
	urldate = {2018-07-17}
}

@article{null_controllability,
	auther = "Tingshu Hua, Zongli Lina, Li Qiub",
	title = "An explicit description of null controllable regions of linear systems with saturating actuators",
	journal = "Systems \& Control Letters",
	volume = "47",
	number = "10", 
	pages = "65--78",
	year = "2002",
	DOI = "https://www.journals.elsevier.com/systems-and-control-letters"
}

@article{spong_swingup,
	auther = "M.W Spong",
	title = "The Swing Up Control Problem For The Acrobat",
	journal = "IEEE Control Systems",
	volume = "47",
	number = "10", 
	pages = "50--55",
	year = "1995",
	DOI = "https://www.journals.elsevier.com/systems-and-control-letters"
}

@article{murray,
	auther = "R.M. Murray and J. Hauser",
	title = "A Case Study in Approximate Linearization: The Acrobat Example",
	journal = "Proc. American Control Conference",
	year = "1990"
}

@book{textbook,
	author    = {Gene F. Franklin, J. David Powell, et al}, 
	title     = {Feedback Control of Dynamic Systems},
	publisher = {Pearson Education Limited},
	year      = 2015,
	address   = {Edingburgh Gate, Harlow, Essex CM20 2JE, England},
	edition   = 7,
	isbn      = {1-29-206890-6}
}

@article{simple_null_controllability,
	auther = "A.M Formal\'skii",
	title = "On Stabilization of an Inverted Double Pendulum with One Control Torque",
	journal = "Journal of Compute and Systems Science International",
	volume = "45",
	number = "3", 
	pages = "337-334",
	year = "2006"
}
@phdthesis{independent_eqaution,
	author       = {Matthias Morzfeld}, 
	title        = {The Transformation of Second-Order Linear Systems into Independent Equations},
	school       = {University of California, Berkeley},
	year         = 2011,
	month        = Spring
}
